<record><leader>00000cas a22000007a 4500</leader><controlfield tag="001">33032874</controlfield><controlfield tag="008">950824d18991901meuwr ne      0    0eng d</controlfield><datafield ind1=" " ind2=" " tag="010"><subfield code="a">sn 95067877 </subfield></datafield><datafield ind1=" " ind2=" " tag="040"><subfield code="a">MBN</subfield><subfield code="b">eng</subfield><subfield code="c">MBN</subfield><subfield code="d">OCL</subfield><subfield code="d">MBN</subfield><subfield code="d">OCLCQ</subfield><subfield code="d">OCLCF</subfield><subfield code="d">OCLCO</subfield></datafield><datafield ind1=" " ind2=" " tag="042"><subfield code="a">msc</subfield></datafield><datafield ind1=" " ind2=" " tag="043"><subfield code="a">n-us-me</subfield></datafield><datafield ind1="0" ind2="4" tag="245"><subfield code="a">The Old York transcript.</subfield></datafield><datafield ind1=" " ind2=" " tag="260"><subfield code="a">York, Me. :</subfield><subfield code="b">E.D. Twombly</subfield></datafield><datafield ind1=" " ind2=" " tag="300"><subfield code="a">v.</subfield></datafield><datafield ind1=" " ind2=" " tag="310"><subfield code="a">Weekly</subfield></datafield><datafield ind1="1" ind2=" " tag="362"><subfield code="a">Began Apr. 6, 1899; ceased 1901.</subfield><subfield code="z">Cf. Miller, A.R., The hist. of current Maine newspapers, 1978.</subfield></datafield><datafield ind1=" " ind2=" " tag="580"><subfield code="a">Merged with: York courant (York, Me.), to form: Old York courant and transcript.</subfield></datafield><datafield ind1=" " ind2=" " tag="588"><subfield code="a">Description based on: Vol. 1, no. 4 (Apr. 27, 1899).</subfield></datafield><datafield ind1=" " ind2="0" tag="651"><subfield code="a">York (Me.)</subfield><subfield code="v">Newspapers.</subfield></datafield><datafield ind1=" " ind2="7" tag="655"><subfield code="a">Newspapers.</subfield><subfield code="2">fast</subfield><subfield code="0">(OCoLC)fst01423814</subfield></datafield><datafield ind1=" " ind2="7" tag="651"><subfield code="a">Maine</subfield><subfield code="z">York.</subfield><subfield code="2">fast</subfield><subfield code="0">(OCoLC)fst01212852</subfield></datafield><datafield ind1=" " ind2=" " tag="752"><subfield code="a">United States</subfield><subfield code="b">Maine</subfield><subfield code="c">York</subfield><subfield code="d">York.</subfield></datafield><datafield ind1="1" ind2="7" tag="785"><subfield code="t">York courant (York, Me.)</subfield><subfield code="w">(DLC)sn 95067876</subfield></datafield><datafield ind1="1" ind2="7" tag="785"><subfield code="t">Old York courant and transcript</subfield><subfield code="w">(DLC)sn 97069063</subfield></datafield></record>